<record><leader>00000cas a2200000 a 4500</leader><controlfield tag="001">11213603</controlfield><controlfield tag="008">840929d18uu18uukyuwr ne      0    0eng d</controlfield><datafield ind1=" " ind2=" " tag="010"><subfield code="a">sn 84027478 </subfield></datafield><datafield ind1=" " ind2=" " tag="040"><subfield code="a">NPU</subfield><subfield code="b">eng</subfield><subfield code="c">NPU</subfield><subfield code="d">NPX</subfield><subfield code="d">KNP</subfield><subfield code="d">OCL</subfield><subfield code="d">OCLCQ</subfield><subfield code="d">OCLCF</subfield><subfield code="d">OCLCO</subfield></datafield><datafield ind1=" " ind2=" " tag="042"><subfield code="a">msc</subfield></datafield><datafield ind1=" " ind2=" " tag="043"><subfield code="a">n-us-ky</subfield></datafield><datafield ind1="0" ind2="0" tag="245"><subfield code="a">Russellville weekly herald.</subfield></datafield><datafield ind1="1" ind2="3" tag="246"><subfield code="a">Russellville herald</subfield></datafield><datafield ind1=" " ind2=" " tag="260"><subfield code="a">Russellville, Ky. :</subfield><subfield code="b">Oscar C. Rhea</subfield></datafield><datafield ind1=" " ind2=" " tag="300"><subfield code="a">v. ;</subfield><subfield code="c">67 cm.</subfield></datafield><datafield ind1=" " ind2=" " tag="310"><subfield code="a">Weekly</subfield></datafield><datafield ind1=" " ind2=" " tag="500"><subfield code="a">Recorded in reference sources as: Russellville herald. Cf. Rowell, 1869-1875, 1877; Steiger, E. Periodical lit. of the U.S. (1979 ed.).</subfield></datafield><datafield ind1=" " ind2=" " tag="500"><subfield code="a">Democratic. Cf. Rowell, 1875.</subfield></datafield><datafield ind1=" " ind2=" " tag="500"><subfield code="a">Editor: Oscar C. Rhea, &lt;1875&gt;.</subfield></datafield><datafield ind1=" " ind2=" " tag="588"><subfield code="a">Description based on: Vol. 14, no. 19 (May 18, 1853).</subfield></datafield><datafield ind1=" " ind2="0" tag="651"><subfield code="a">Russellville (Ky.)</subfield><subfield code="v">Newspapers.</subfield></datafield><datafield ind1=" " ind2="0" tag="651"><subfield code="a">Logan County (Ky.)</subfield><subfield code="v">Newspapers.</subfield></datafield><datafield ind1=" " ind2="7" tag="655"><subfield code="a">Newspapers.</subfield><subfield code="2">fast</subfield><subfield code="0">(OCoLC)fst01423814</subfield></datafield><datafield ind1=" " ind2="7" tag="651"><subfield code="a">Kentucky</subfield><subfield code="z">Logan County.</subfield><subfield code="2">fast</subfield><subfield code="0">(OCoLC)fst01216586</subfield></datafield><datafield ind1=" " ind2="7" tag="651"><subfield code="a">Kentucky</subfield><subfield code="z">Russellville.</subfield><subfield code="2">fast</subfield><subfield code="0">(OCoLC)fst01218759</subfield></datafield><datafield ind1=" " ind2=" " tag="752"><subfield code="a">United States</subfield><subfield code="b">Kentucky</subfield><subfield code="c">Logan</subfield><subfield code="d">Russellville.</subfield></datafield></record>